=LDR  00000nam a2200000 a 4500
=001  zpk20130076268
=003  CZ PrNK
=005  20131030104535.0
=007  ta
=008  120807s2012\\\\xxkad\\f\\\\\\001\\\eng\\
=020  \\$a978-1-85604-810-1 
=040  \\$aABA003$bcze$92 
=072  \7$a316.77$xInformační věda$2Konspekt$912 
=072  \9$a303.483$xDevelopment of science and technology$2Conspectus$912 
=080  \\$a316.77-027.21$2MRF 
=080  \\$a(075)$2MRF 
=100  1\$aBawden, David,$d1952-$7js20080511002$4aut 
=245  10$aIntroduction to information science /$cDavid Bawden and Lyn Robinson 
=260  \\$aLondon :$bFacet,$c2012 
=300  \\$axxx, 351 s. :$bil., grafy, tabulky 
=504  \\$aObsahuje bibliografické odkazy a rejstřík 
=650  07$ainformační věda$7ph121108$2czenas 
=655  \7$aučebnice$7fd133770$2czenas 
=700  1\$aRobinson, Lyn$7js20110609003$4aut 

