=LDR  00000nam a22000004a 4500
=001  001137369
=003  CZ PrAS
=005  20160421152304.0
=008  130918s2012\\\\xxkac\\f\\\\\\001\0\eng\d
=020  \\$a978-1-85604-810-1 
=040  \\$aABA007$bcze 
=072  \7$a316.77$xInformační věda$2Konspekt$912 
=080  \\$a316.77-027.21$2MRF 
=080  \\$a(048.8)$2MRF 
=100  1\$aBawden, David,$d1952-$7js20080511002$4aut 
=245  10$aIntroduction to information science /$cDavid Bawden and Lyn Robinson. 
=250  \\$a1st publ. 
=260  \\$aLondon :$bFacet Publishing,$c2012. 
=300  \\$axxx, 351 s. :$bil., portréty. 
=504  \\$aObsahuje bibliografie a rejstřík 
=650  07$ainformační věda$7ph121108$2czenas 
=650  09$ainformation science$2eczenas 
=655  \7$amonografie$7fd132842$2czenas 
=655  \9$amonographs$2eczenas 

