=LDR  00000nam a2200000 a 4500
=001  000205998
=003  CZ PlERL
=005  20170522081119.0
=008  000306s1957\\\\xr\\\\\\\\\\\u\\\\\\cze\\
=015  \\$acnb000512069 
=040  \\$aPNA001$bcze 
=080  \\$a02$2MRF-sel 
=080  \\$a(437.31)$2MRF-sel 
=080  \\$a(091)$2MRF-sel 
=100  1\$aCejpek, Jiří,$d1928-2005$7jk01020592 
=245  10$aStručný přehled dějin českého knihovnictví /$cJiří Cejpek 
=250  \\$a1. vyd. 
=260  \\$aPraha :$bStátní pedagogické nakladatelství,$c1957 
=300  \\$a102 s. 
=500  \\$aUčební texty vysokých škol. 
=500  \\$aUrčeno pro posluchače fakulty filologické 
=653  0\$aknihovnictví$aČechy$ačeské knihovnictví$adějiny 

