=LDR  00000nam a22000002a 4500
=001  000153457
=003  CZ BrMZK
=005  20130327064337.0
=007  ta
=008  950101s1957\\\\xr\\\\\f\\\\\\\\\\\\cze\d
=015  \\$acnb000512069 
=035  \\$a(OCoLC)85319055 
=040  \\$aABA001$bcze$cKLG001$dABA001 
=100  1\$aCejpek, Jiří,$d1928-2005$7jk01020592$4aut 
=245  10$aStručný přehled dějin českého knihovnictví :$burčeno pro posluchače fakulty filologické /$cJiří Cejpek 
=250  \\$a1. vyd. 
=260  \\$aPraha :$bStátní pedagogické nakladatelství,$c1957 
=300  \\$a102 s. ;$c4° 
=490  1\$aUčební texty vysokých škol 
=500  \\$aVyd. Karlova univ. v Praze 
=500  \\$a560 výt. 
=504  \\$aObsahuje bibliografii a poznámky 
=710  2\$aUniverzita Karlova$7kn20010710036 

