=LDR  00000nam  2200000   4500
=001  KN3183000000051213
=005  20150731091618.0
=008  010321s1994\\\\xr\|||||||||||||||||cze\d
=020  \\$a80-85194-75-9 :$c89.00 
=040  \\$aOPG001$bcze 
=041  1\$acze$hpol 
=080  \\$a929$2h 
=100  1\$aGrünberg, Karl,$d1891-1972$7jn20000602676$4aut 
=245  10$aAdolf Hitler :$bživotopis Führera /$cKarol Gründberg ; [Z polského originálu přeložil Vladimír Uhlíř] 
=250  \\$a1. vyd. 
=260  \\$a[Litvínov] :$bDialog,$c1994 
=300  \\$a350 s., fot.příl. 
=500  \\$a92 Hitler, A. 
=653  0\$aživotopisy$aHitler, Adolf$aNěmecko$apolitika$astrany$aNSDAP$a30. léta 20. stol.$a2. světová válka 
=700  1\$aUhlíř, Vladimír,$d1927-2010$7jk01140663$4trl 

