=LDR  00000cam a2200000 a 4500
=001  0470332
=003  CZ-LiKVK
=005  20220209083322.0
=008  030811s1993----xr-a---b-p----000-0-cze--
=015  \\$acnb001279892 
=020  \\$a80-85194-75-9 (sv. 1 : brož.) 
=035  \\$a(OCoLC)53270019 
=040  \\$aABA001$bcze$dLIA001 
=072  \7$a51$xMatematika$2Konspekt$913$T.$7sk136305 
=080  \\$a51$2MRF-sel 
=100  1\$aCihlář, Jiří,$d1943-$4aut$7jn19981000489 
=245  10$aMatematika pro první třídu :$bpracovní učebnice /$cJiří Cihlář, Jan Melichar, Milan Zelenka ; [ilustrace Stanislav Holý] 
=246  3\$aMatematika pro 1. třídu 
=250  \\$aVyd. 1. 
=260  \\$aLitvínov :$bDialog,$c1993 
=300  \\$a2 sv. (64, 64) s. :$bbarev. il. ;$c29 cm +$e2 x [4] l. příl. 
=650  \7$apočítání$2czenas$7ph124522 
=650  07$amatematika$2czenas$7ph117231 
=655  \7$aučebnice základních škol$2czenas$7fd133773 
=700  1\$aMelichar, Jan,$d1940-2022$4aut$7jo20000080637 
=700  1\$aZelenka, Milan$4aut$7jx20040617039 
=700  1\$aHolý, Stanislav,$d1943-1998$4ill$7jk01041874 

