=LDR  00000cam a22000007a 4500
=001  000241218
=003  CZ PrSKC
=005  20051005081533.0
=008  961210s1995\\\\xr\|||||\||||||||\||cze|d
=040  \\$aBOD003$bcze$dBOD003 
=080  \\$a37.016:82$2MRF 
=080  \\$a502:37.03$2MRF 
=100  1\$aHorká, Hana.$4aut 
=245  10$aMotýlek :$bekologická čítanka : pro děti od 7 do 11 let /$cHana Horká, Květoslava Santlerová ; ilustrace Jana Potůčková. 
=250  \\$aVyd. 1. 
=260  \\$aBrno :$bUčebnice a knihy Jitka Spiesová,$c1995. 
=300  \\$a50 s. +$e1 příloha. 
=500  \\$aPříloha: malá příručka pro učitele. 
=650  07$aenvironmentální výchova a vzdělávání$7ph119964$2czenas 
=650  07$aliterární výchova$7ph117228$2czenas 
=655  \7$aučebnice základních škol$7fd133773$2czenas 
=700  1\$aPotůčková, Jana.$4ill 
=700  1\$aSantlerová, Květoslava.$4aut 

