=LDR  00000nam a22000003i 4500
=001  70000041
=003  CZ-BrKJM
=005  20191118190020.9
=008  140821s\\\\\\\\xr\|||||||||||||||||cze\d
=040  \\$aBOG001$bcze 
=072  \7$a502$xŽivotní prostředí a jeho ochrana$2Konspekt$92$7sk135928 
=072  \7$a0/9-053.2$xLiteratura pro děti a mládež (naučná)$2Konspekt$926$7sk616154 
=080  \\$a502 
=080  \\$a37.03 
=080  \\$a574 
=080  \\$a82 
=080  \\$a37.01 
=245  00$aMotýlek :$bekologická čítanka /$c[sestavily] Hana Horká, Květoslava Santlerová ; ilustrace Jana Potůčková 
=260  \\$a[Brno] :$b[Učebnice a knihy J. Spiesová],$c[1995] 
=300  \\$a50 s. :$bil. (převážně barev.), noty ;$c30 cm 
=500  \\$aSchválilo MŠMT ČR v r. 1995 k zařazení do seznamu učebnic pro základní školy 
=500  \\$aNáměty a úkoly průběžně v textu 
=504  \\$aObsahuje bibliografii 
=521  8\$aPro děti od 7 do 11 let 
=650  \7$aenvironmentální výchova a vzdělávání$2czenas$7ph119964 
=650  \7$aekologie$2czenas$7ph114418 
=650  \7$aliterární výchova$2czenas$7ph117228 
=653  0\$apřírodovědné vzdělávání$aživotní prostředí$azákladní vzdělávání$aděti mladšího školního věku$ahry$ačinnostní učení 
=655  \7$aučební texty$2czenas$7fd133599 
=655  \7$ačítanky$2czenas$7fd133984 
=655  \7$ačeské příběhy$2czenas$7fd133973 
=655  \7$apublikace pro mládež$2czenas$7fd133157 
=655  \7$abrožury$2czenas$7fd131925 
=700  1\$aHorká, Hana,$d1949-$4com$7mzk2005295002 
=700  1\$aSantlerová, Květoslava,$d1955-$4com$7mzk2004231207 
=700  1\$aPotůčková, Jana$4ill$7jx20040720124 

