=LDR  00000nam a2200000 aa4500
=001  cpk20000970376
=003  CZ PrNK
=005  20210115075310.0
=007  ta
=008  000404m20002002xr\abc\e\e\\\\000\0dcze\\
=015  \\$acnb000970376 
=020  \\$a80-902723-2-0$q(soubor) 
=020  \\$a80-902723-3-9$q(1. díl ;$qváz.) 
=020  \\$a80-902723-4-7$q(2. díl ;$qváz.) 
=020  \\$a80-902723-5-5$q(3. díl ;$qváz.) 
=020  \\$a80-902723-7-1$q(4. díl ;$qváz.) 
=035  \\$a(OCoLC)45372226 
=040  \\$aABA001$bcze 
=072  \7$a030$xVšeobecná příručková díla$2Konspekt$912 
=080  \\$a030$2MRF 
=080  \\$a(031)$2MRF 
=245  00$aDiderot :$bvelká všeobecná encyklopedie 
=246  30$aVelká všeobecná encyklopedie 
=250  \\$aVyd. 1. 
=260  \\$aPraha :$bDiderot,$c2000-2002 
=300  \\$a8 sv. :$bbarev. il., mapy, portréty ;$c25 cm 
=505  1\$a1. A-bag. 2000. 631 s. -- 2. Bah-buq. 2000. 677 s. -- 3. Bur-daz. 2000. 639 s. -- 4. Daž-erb. 2001. 639 s. 
=650  09$aEncyclopedias and dictionaries, Czech$2eczenas 
=655  \7$aencyklopedie$7fd132201$2czenas 
=856  41$uhttp://krameriusndk.nkp.cz/search/handle/uuid:300c7a80-364e-11e3-a5bb-005056827e52$yDigitalizovaný dokument$zSv. 1, A-Bag 
=856  41$uhttp://krameriusndk.nkp.cz/search/handle/uuid:bfedc7e0-364d-11e3-a5bb-005056827e52$yDigitalizovaný dokument$zSv. 2, Bah-Buq 
=856  41$uhttp://krameriusndk.nkp.cz/search/handle/uuid:bf6fbe40-364d-11e3-a5bb-005056827e52$yDigitalizovaný dokument$zSv. 3, Bur-Daz 

