=LDR  00000nam a2200000 a 4500
=001  PAG0150223
=003  CZ PaKK
=005  20010327000000.0
=008  001215s2000\\\\xr\\\\\e\\\\\\\\\\\\cze\\
=020  \\$a80-902723-2-0 (soubor) 
=020  \\$a80-902723-4-7 (2. svazek) 
=040  \\$aPAG 00$bcze 
=080  \\$a03$2MRF-sel 
=245  00$aDiderot :$bvelká všeobecná encyklopedie.$n2,$pBah-bug 
=246  30$aBah-bug 
=250  \\$aVyd. 1. 
=260  \\$aPraha :$bDIDEROT,$c2000 
=300  \\$a677 s. :$bil. 
=653  0\$aencyklopedie$avšeobecná encyklopedie 

