=LDR  00000nam a22000003a 4500
=001  m0059889
=003  CZ-CbJVK
=005  20210503123052.0
=007  ta
=008  001017s2000----xr------------|||-|-cze-d
=020  \\$a80-902723-4-7$q(váz.) 
=020  \\$a80-902723-2-0$q(soubor ;$qváz.) 
=040  \\$aCBA001$bcze$dABA100 
=072  \7$a030$xVšeobecná příručková díla$2Konspekt$912 
=080  \\$a0/9$2MRF 
=080  \\$a030$2MRF 
=080  \\$a(031)$2MRF 
=245  00$aDiderot :$bvelká všeobecná encyklopedie.$n2,$pbah-buq 
=246  33$aVelká všeobecná encyklopedie 
=246  30$abah-buq 
=246  33$aDiderot - velká všeobecná encyklopedie 
=246  13$aVelká všeobecná encyklopedie Diderot 
=250  \\$aVyd. 1. 
=260  \\$aPraha :$bDiderot,$c2000 
=300  \\$a677 s. :$bbarev. il., mapy, portréty ;$c25 cm 
=650  07$avšeobecnosti a zajímavosti$2czenas$7ph116736 
=650  07$avšeobecné znalosti$2czenas$7ph127322 
=655  \7$aencyklopedie$2czenas$7fd132201 

