=LDR  00000nam a2200000-a 4500
=001  001450000097525
=005  20200213162111.0
=008  001211s2000----xr-|||||||||||||||||cze-d
=020  \\$a80-902723-4-7 :$c800.00 Kč 
=040  \\$aKVG501$bcze 
=080  \\$a03$2h 
=245  00$aDiderot :$bvelká všeobecná encyklopedie.$n2,$pBah-buq 
=250  \\$aVyd. 1. 
=260  \\$aPraha :$bDiderot,$c2000 
=300  \\$a677 s. : il. 
=653  \\$aencyklopedie$avšeobecnosti$apojmy$ahesla$avýklady 

