=LDR  00000nam a2200000 a 4500
=001  000004922
=003  CZ PrSTK
=005  20200916122802.0
=008  010117s2000\\\\xr\\\\\\\\\\\\\\\\\\cze\\
=020  \\$a80-902723-4-7 
=040  \\$aABA013$bcze 
=050  \4$aAE51$b.D53 2000 
=072  \7$a030$xVšeobecná příručková díla$2Konspekt$912 
=080  \\$a030$2MRF 
=245  00$aDiderot :$bVelká všeobecná encyklopedie.$nDíl 2.,$pBah-buq 
=246  30$aBah-buq 
=250  \\$a1. vyd. 
=260  \\$aPraha :$bDiderot,$c2000 
=300  \\$a677 s. 
=650  07$aencyklopedie$xin$7psh6458$2psh 
=655  \7$aencyklopedie$7fd132201$2czenas 

