=LDR  00000cam a2200000 a 4500
=001  000194341
=003  CZ HkSVK
=005  20220726093554.0
=008  000315\2000\\\\xr\\\\\e\\\\\\\\\\\\cze\\
=020  \\$a80-902723-2-0$q(soubor) 
=020  \\$a80-902723-3-9$q(1. svazek) 
=020  \\$a80-902723-4-7$q(2. svazek) 
=020  \\$a80-902723-5-5$q(3. svazek) 
=020  \\$a80-902723-7-1$q(4. svazek) 
=040  \\$aHKA001$bcze 
=072  \7$a030$xVšeobecná příručková díla$2Konspekt$912 
=080  \\$a0/9(031)$2MRF 
=245  00$aDiderot :$bvelká všeobecná encyklopedie 
=246  33$aVelká všeobecná encyklopedie 
=250  \\$aVyd. 1. 
=260  \\$aPraha :$bDiderot,$c2000- 
=300  \\$a4 sv. (629, 677, 639 s.) :$bil. ;$c25 cm 
=505  0\$asv. 1. A-bag. 2000. 631 s. -- sv. 2. Bah-buq. 2000. 677 s. -- sv. 3. Bur-daz. 2000. 639 s. -- sv. 4. Daž-erb. 2001. 639 s. 
=653  0\$aencyklopedie všeobecné 
=655  \7$aencyklopedie$7fd132201$2czenas 

