=LDR  00000nam a2200000-a 4500
=001  002200000215618
=005  20181110170325.3
=008  000922s2000----xr-|||||||||||||||||cze-d
=020  \\$a80-902723-4-7 :$c680.00 Kč 
=020  \\$a80-902723-2-0 (soubor ; váz.) 
=040  \\$aTUG001$bcze 
=080  \\$a0$2h 
=245  00$aVelká všeobecná encyklopedie Diderot.$n2. díl,$pBah-buq 
=250  \\$aVyd. 1. 
=260  \\$aPraha :$bDiderot,$c2000 
=300  \\$a677 s. :$bil. ;$c25 cm 
=655  04$aencyklopedie$7fd132201

