=LDR  00000nam a2200000 a 4500
=001  2239729
=003  CZ-PrMKP
=005  20010401000000.0
=008  171201s2000\\\\xr\\\\\\\\\\\\\\\\\\cze\\
=020  \\$a80-902723-2-0$q(soubor) 
=020  \\$a80-902723-4-7 
=040  \\$aABG001$bcze 
=245  00$aVelká všeobecná encyklopedie Diderot.$n[Sv.] 2,$pbah-buq /$c[Odp. red. Vít Štěpánek] 
=250  \\$aVyd. 1 
=260  \\$aPraha :$bDiderot,$c2000 
=300  \\$a677 s. :$bfot., obr., tab., grafy, mapy ;$c25 cm 
=700  1\$aŠtěpánek, Vít,$d1964-$7jn20001227773$4pbd 

