=LDR  00000nam  2200000 a 4500
=001  017220000348882
=005  20211120180107.7
=008  001024s2000----xr-|||||||||||||||||cze-d
=020  \\$a80-902723-4-7 :$c680.00 Kč 
=040  \\$aZNG001$bcze 
=080  \\$a03$2h 
=080  \\$a030$2h 
=245  00$aVelká všeobecná encyklopedie Diderot.$n2,$pBAH-BUQ 
=250  \\$aVyd. 1. 
=260  \\$aPraha :$bDiderot,$c2000 
=300  \\$a677 s. : il. ;$c25 cm 
=500  \\$aObsahuje mapky, fotografie 
=653  \\$avšeobecné$aencyklopedie$avýkladové$aslovníky 

