=LDR  00000nam  2200000 a 4500
=001  016530001999416
=005  20220807073122.6
=008  010228s2000----xr-|||||||||||||||||cze-d
=020  \\$a80-902723-4-7$q(2. sv.) :$c648 
=020  \\$a80-902723-2-0$q(soubor) 
=040  \\$aHKG001$bcze 
=080  \\$a03$2m 
=245  00$aDiderot :$bvelká všeobecná encyklopedie.$n[Sv.] 2 bah-bug 
=250  \\$aVyd. 1. 
=260  \\$aPraha :$bDiderot,$c2000 
=300  \\$a677 s. :$bil. 
=653  0\$aencyklopedie$anaučné$avšeobecné 

