=LDR  00000nam-a2200000-a-4500
=001  vsg_0164789
=005  20190421121543.7
=007  ta
=008  050510s2000\\\\xr\||||||||||u0|0|||cze||
=020  \\$a80-902723-4-7 ((2. sv.)) 
=020  \\$a80-902723-2-0 ((soubor)) 
=040  \\$aVSG001 
=041  0\$acze 
=044  \\$axr 
=080  \\$2[v]$a030 
=245  00$aVelká všeobecná encyklopedie.$n2.,$pbah-buq 
=250  \\$aVyd. 1. 
=260  \\$aPraha :$bDiderot,$c2000 
=300  \\$a677 s. :$bil. 
=490  0\$aDiderot 
=504  \\$aObsahuje ilustrace a fotografie (některé barevné). 
=563  \\$aN 0 03 
=653  \\$avšeobecné 
=653  \\$aencyklopedie 

