=LDR  00000nam a2200000 i 4500
=001  jic20160085527
=003  CZ PrNK
=005  20161213180941.0
=006  m        d
=007  cr cn
=008  161213s2015\\\\xr\\\\\\o\\\\\000\0\cze\\
=040  \\$aABA003$bcze$erda$92 
=072  \7$a025.3/.4$xKatalogizace. Selekční jazyky$2Konspekt$912 
=072  \9$a025.3-025.4$xBibliographic and subject analysis and control$2Conspectus$912 
=080  \\$a025.4.01$2MRF 
=080  \\$a(035)$2MRF 
=100  1\$aKrčál, Martin,$d1978-$7js20081204001$4aut 
=245  10$aCitujte jednoduše :$binstrukce pro vyučující středních škol /$cautoři textů: Martin Krčál, Karolína Krbcová, Jakub Horák 
=264  \1$aBrno :$bUcimcitace.cz,$c2015 
=300  \\$a1 online zdroj (14 stran) 
=336  \\$atext$btxt$2rdacontent 
=337  \\$apočítač$bc$2rdamedia 
=338  \\$aonline zdroj$bcr$2rdacarrier 
=347  \\$atextový soubor$bPDF$2rda 
=500  \\$aNázev z titulní obrazovky 
=650  07$abibliografické citace$7ph139249$2czenas 
=655  \7$apříručky$7fd133209$2czenas 
=700  1\$aKrbcová, Karolína$4aut 
=700  1\$aHorák, Jakub$4aut 

