=LDR  00000nam a2200000 a 4500
=001  nkc20091966977
=003  CZ PrNK
=005  20150827125933.0
=007  ta
=008  090710s2009\\\\xr\ach\e\f\\\\000\0\cze\\
=015  \\$acnb001966977 
=020  \\$a978-80-254-5538-8$q(v knize neuvedeno ;$qbrož.) 
=035  \\$a(OCoLC)433017039 
=040  \\$aABA001$bcze 
=043  \\$ae-xr---$be-xr-zl$2czenas 
=045  \\$ax0y0 
=072  \7$a796$xSport. Hry. Tělesná cvičení$2Konspekt$920 
=080  \\$a796.5:061$2MRF 
=080  \\$a796.5$2MRF 
=080  \\$a796.5(091)$2MRF 
=080  \\$a(437.323)$2MRF 
=080  \\$a(082.2)$2MRF 
=100  1\$aKrčál, Martin,$d1979-$7jo2012705839$4aut 
=245  10$a100 let Klubu českých turistů v Kroměříži /$cMartin Krčál 
=246  3\$aSto let Klubu českých turistů v Kroměříži 
=250  \\$a1. vyd. 
=260  \\$aKroměříž :$bOdbor KČT,$c2009 
=300  \\$a162 s. :$bil., portréty, faksim. ;$c21 cm 
=500  \\$aTerminologický slovník 
=504  \\$aObsahuje bibliografii 
=610  27$aKlub českých turistů (Kroměříž, Česko)$7xx0022171$2czenas 
=648  \4$a1909-2009 
=650  07$aturistické organizace$7ph249601$zČesko$y20.-21. století$2czenas 
=650  07$aturistika$7ph116506$zČesko$y20.-21. století$2czenas 
=650  07$adějiny turistiky$7ph518312$zČesko$y20.-21. století$2czenas 
=650  09$atourist associations and clubs$zCzechia$y20th-21st centuries$2eczenas 
=650  09$ahiking$zCzechia$y20th-21st centuries$2eczenas 
=650  09$ahistory of tourism$zCzechia$y20th-21st centuries$2eczenas 
=651  \7$aKroměříž (Česko)$7ge129682$2czenas 
=651  \9$aKroměříž (Czechia)$2eczenas 
=655  \7$ajubilejní publikace$7fd131839$2czenas 
=655  \9$ajubilee books$2eczenas 
=710  2\$aKlub českých turistů (Kroměříž, Česko)$7xx0022171 

