=LDR  00000nam a2200000   4500
=001  vkol000611566
=003  CZ OlVK
=005  20140717085302.0
=008  021029s1799\\\\au\\\\\f\\\\\\\\\\\\ger\\
=990  \\$aRP 
=035  \\$a(OCoLC)320746638 
=040  \\$aOLA001$bcze 
=100  0\$aFrantišek$bI.,$crakouský císař,$d1768-1835$7jn20000700557 
=245  10$aPolitische Gesetze und Verordnungen für die Oesterreichischen, Böhmischen und Galizischen Erbländer.$n12. Bd.,$pWelcher die Verordnungen von 1. Januar bis 1. Julius 1798 enthält 
=246  30$aWelcher die Verordnungen von 1. Januar bis 1. Julius 1798 enthält 
=260  \\$aWien :$bK.k. Hof- und Staats Druckerey,$c1799 
=300  \\$a244 s. 

