=LDR  00000nam a2200000   4500
=001  vkol000611765
=003  CZ OlVK
=005  20060814190102.0
=008  021029s1717\\\\fr\\\\\f\\\\\\\\\\\\lat\\
=990  \\$aRP 
=040  \\$aOLA001$bcze 
=100  0\$aFrantišek$bI.,$cfrancouzský král,$d1494-1547$7jn20000700556 
=245  10$aFrancisci Regis Francorum Legatio ad Principes Electores Francofurdium missa, pro Suffragiis ad Imperium conciliandis Non. Julii Anno 1519. Ex editione ipsius temporis 
=260  \\$aArgentorati (Johannis Reinhold Saxonico) :$b1717 
=500  \\$aViz: Struvii Rerum Germanicarum Scriptores aliquot insignes, sv. 3., s. 167 

