=LDR  00000nam a22000001a 4500
=001  gk09010676
=003  CZ PrNK
=005  20130905000000.0
=008  120525s1939\\\\xxk\\\\\\\\\\\\\\\\\eng\\
=040  \\$aABA001$bcze$cABA001 
=100  1\$aDodgson, Charles Lutwidge,$d1832-1898$7jo19990046459$4aut 
=245  10$aThrough the looking-glass and what Alice found there /$cLewis Caroll ; with 5 illustrations by John Tenniel 
=260  \\$aLondon :$bMacmillan and Co,$c1939 
=300  \\$a208 s. 

