=LDR  00000cam a2200000 i 4500
=001  nkc20152709922
=003  CZ PrNK
=005  20150819075514.0
=007  ta
=008  150519s2015\\\\xr\\\\\g\\\\\\000\f\cze\d
=015  \\$acnb002709922 
=020  \\$a978-80-7390-253-7$q(vázáno) 
=035  \\$a(OCoLC)918017350 
=040  \\$aPNA001$bcze$dOLA001$dABA001$erda 
=041  1\$acze$hger 
=072  \7$a821.112.2-3$xNěmecká próza, německy psaná$2Konspekt$925 
=080  \\$a821.112.2(437.3)-31$2MRF 
=080  \\$a(0:82-31)$2MRF 
=100  1\$aKafka, Franz,$d1883-1924$7jn19990218037$4aut 
=240  10$aAmerika.$lČesky$7aun2008463245 
=245  10$aAmerika /$cFranz Kafka ; přeložila: Dagmar Eisnerová 
=264  \1$aPraha :$bDobrovský s.r.o.,$c2015 
=300  \\$a226 stran ;$c21 cm 
=336  \\$atext$btxt$2rdacontent 
=337  \\$abez média$bn$2rdamedia 
=338  \\$asvazek$bnc$2rdacarrier 
=490  1\$aOmega 
=500  \\$aPřeloženo z němčiny 
=655  \7$aněmecky psané romány$7fd132937$2czenas 
=655  \9$afiction in German$2eczenas 
=700  1\$aEisnerová, Dagmar,$d1922-2000$7jk01030387$4trl 
=830  \0$aOmega (Dobrovský) 

