=LDR  00000nam  2200000   4500
=001  KN3183000000163087
=005  20090925092531.0
=008  050725s1995\\\\xr\|||||||||||||||||cze\d
=020  \\$c82.00 Kč 
=040  \\$aOPG001$bcze 
=100  1\$aHorká, Hana,$d1949-$7mzk2005295002$4aut 
=245  10$aMotýlek :$bekologická čítanka pro děti od 7 do 11 let /$cHana Horká, Květoslava Santlerová ; ilustrace Jana Potůčková 
=250  \\$aVyd. 1. 
=260  \\$a[Brno] :$b[Jitka Spiesová],$c1995 
=300  \\$a49 s. :$bil., noty 
=653  0\$aekologie$avýchova$aochrana$aživotní prostředí$aodpady$askleníkový efekt$aozónová díra 
=700  1\$aSantlerová, Květoslava,$d1955-$7mzk2004231207$4aut 
=700  1\$aPotůčková, Jana$7jx20040720124$4ill 

