=LDR  00000nam a2200000-a 4500
=001  001580000242971
=005  20220115093818.9
=008  030205s1995----xr-|||||||||||||||||cze-d
=020  \\$c82.00 
=040  \\$bcze 
=080  \\$a502$2MRF-sel 
=080  \\$a502$2MRF-sel 
=080  \\$a574$2MRF-sel 
=100  1\$aHorká, Hana,$d1949-$7mzk2005295002$4aut 
=245  10$aMotýlek :$bekologická čítanka pro děti od 7 do 11 let$cHana Horká / Kvěslava Santlerová ; ilustrace Jana Potůčková 
=250  \\$aVyd. 1. 
=260  \\$aBrno :$bJitka Spiesová,$c1995 
=300  \\$a49 s. : il. +$e1 volná příl. 
=500  \\$aPříloha: Malá příručka pro učitele (11 s. ) 
=650  04$azákladní školy 
=650  0\$aochrana přírody 
=653  0\$aekologie$aekologická výchova a vzdělávání$aodpady$askleníkový efekt$aozonová díra 
=655  04$apříručky$7fd133209 
=700  1\$aSantlerová, Květoslava,$d1955-$7mzk2004231207$4aut 
=700  1\$aPotůčková, Jana$7jx20040720124$4ill 

